@ARTICLE{PolynomialSchreier,
  AUTHOR = {Bartholdi and Grigorchuk},
  DATE = {2000},
  ISSN = {0371-9685},
  JOURNALTITLE = {Tr. Mat. Inst. Steklova},
  NUMBER = {Din. Sist., Avtom. i Beskon. Gruppy},
  PAGES = {5--45},
  TITLE = {On the spectrum of {H}ecke type operators related to some fractal groups},
  VOLUME = {231},
}

@ARTICLE{OnGroupsPolynomial,
  AUTHOR = {Bridson, Martin R. and Burillo, José and Elder, Murray and Šunić, Zoran},
  URL = {http://dx.doi.org/10.1142/S0218196712500488},
  DATE = {2012},
  DOI = {10.1142/S0218196712500488},
  ISSN = {0218-1967},
  JOURNALTITLE = {Internat. J. Algebra Comput.},
  NUMBER = {5},
  PAGES = {1250048,13},
  TITLE = {On groups whose geodesic growth is polynomial},
  VOLUME = {22},
}

@THESIS{Julie2016GeodesicGrowth,
  AUTHOR = {Brönnimann, Julie Marie},
  INSTITUTION = {Université de Neuchâtel},
  URL = {http://doc.rero.ch/record/277391/files/00002547.pdf},
  DATE = {2016},
  TITLE = {Geodesic growth of groups},
  TYPE = {phdthesis},
}
